@article{pp_solar_neutrinos_rate_ref,
    author = "Bahcall, John N. and Serenelli, Aldo M.",
    title = "{How do uncertainties in the surface chemical abundances of the Sun affect the predicted solar neutrino fluxes?}",
    eprint = "astro-ph/0412096",
    archivePrefix = "arXiv",
    doi = "10.1086/429883",
    journal = "Astrophys. J.",
    volume = "626",
    pages = "530",
    year = "2005"
}

@article{double_beta_decay_rate_ref,
	doi = {10.1103/physrevc.85.034316},
	year = 2012,
	month = {mar},
	publisher = {American Physical Society ({APS})},
	volume = {85},
	number = {3},
	author = {J. Kotila and F. Iachello},
	title = {Phase-space factors for double-$\beta$ decay},
	journal = {Physical Review C}
}