@online{cf252_fission_ref,
    author = "F. GÃ¶nnenwein",
    title = "Neutron and Gamma Emission in Fission",
    url  = "https://t2.lanl.gov/fiesta2014/school/Goennenwein.pdf",
    year = "2014",
    journal={LANL FIESTA Fission School and Workshop}
}