@online{handifoam_ref,
title = "{HandiFoam}",
url = {https://www.handifoam.com/},
organization = {ICP Building Solutions Group}
}