@article{wimp_nucleon_interactions_first_suggestion_ref,
  title = "{Detectability of certain dark-matter candidates}",
  author = {Goodman, Mark W. and Witten, Edward},
  journal = {Phys. Rev. D},
  volume = {31},
  issue = {12},
  pages = {3059--3063},
  numpages = {0},
  year = {1985},
  month = {Jun},
  publisher = {American Physical Society},
  doi = {10.1103/PhysRevD.31.3059},
  url = {https://link.aps.org/doi/10.1103/PhysRevD.31.3059}
}


@article{supersymmetric_dark_matter_ref,
title = "{Supersymmetric dark matter}",
journal = {Physics Reports},
volume = {267},
number = {5},
pages = {195-373},
year = {1996},
issn = {0370-1573},
doi = {https://doi.org/10.1016/0370-1573(95)00058-5},
url = {https://www.sciencedirect.com/science/article/pii/0370157395000585},
author = {Gerard Jungman and Marc Kamionkowski and Kim Griest},
}

@article{direct_detection_of_wimps_ref,
   title="{Direct detection of WIMPs}",
   url={http://dx.doi.org/10.1017/CBO9780511770739.018},
   DOI={10.1017/cbo9780511770739.018},
   journal={Particle Dark Matter},
   publisher={Cambridge University Press},
   author={Cerdeño, D. G. and Green, A. M.},
   editor={Bertone, Gianfranco},
   pages={347–369} }


@article{standard_halo_model_conventions_ref,
	doi = {10.1140/epjc/s10052-021-09655-y},
	year = 2021,
	month = {oct},
  	publisher = {Springer Science and Business Media {LLC}},
  	volume = {81},
  	number = {10},
  	author = {D. Baxter and et al.},
	title = {Recommended conventions for reporting results from direct dark matter searches},
	journal = {The European Physical Journal C}
}

@article{wimp_nuclear_model_ref,
    author = "Prezeau, Gary and Kurylov, Andriy and Kamionkowski, Marc and Vogel, Petr",
    title = "{New contribution to wimp-nucleus scattering}",
    eprint = "astro-ph/0309115",
    archivePrefix = "arXiv",
    doi = "10.1103/PhysRevLett.91.231301",
    journal = "Phys. Rev. Lett.",
    volume = "91",
    pages = "231301",
    year = "2003"
}