
@article{Fitzpatrick_2013_ref,
   title="{The effective field theory of dark matter direct detection}",
   volume={2013},
   ISSN={1475-7516},
   url={http://dx.doi.org/10.1088/1475-7516/2013/02/004},
   DOI={10.1088/1475-7516/2013/02/004},
   number={02},
   journal={Journal of Cosmology and Astroparticle Physics},
   publisher={IOP Publishing},
   author={Fitzpatrick, A. Liam and Haxton, Wick and Katz, Emanuel and Lubbers, Nicholas and Xu, Yiming},
   year={2013},
   month={Feb},
   pages={004â€“004}
}


@article{LUX_RUN1_EFT_2021,
   title="{An Effective Field Theory Analysis of the First LUX Dark Matter Search}",
   ISSN={2470-0029},
   url={http://dx.doi.org/10.1103/PhysRevD.103.122005},
   DOI={10.1103/physrevd.103.122005},
   publisher={American Physical Society (APS)},
   author={Akerib, D. S. and et al.},
   collaboration = {LUX Collaboration},
   journal = {Phys. Rev. D},
   volume = {103},
   issue = {12},
   pages = {122005},
   numpages = {12},
   year = {2021},
   month = {Jun},
}

@article{LUX_RUN4_EFT_2021,
   title="{Constraints on Effective Field Theory Couplings Using 311.2 days of LUX Data}",
   publisher = {American Physical Society ({APS})},
   year = {2021},
   volume = {104},
   number = {6},
   author={Akerib, D. S. and et al.},
   doi = {10.1103/physrevd.104.062005},
   collaboration = {LUX Collaboration},
   journal = {Phys. Rev. D},
   volume = {104},
   issue = {6},
   pages = {062005},
   numpages = {19},
   year = {2021},
   month = {Sep},
}