@ARTICLE{LZ_TechnicalDesignReview_ref,
       author = {{Mount}, B.~J. and others},
        title = "{LUX-ZEPLIN (LZ) Technical Design Report}",
      journal = {arXiv e-prints},
     keywords = {Physics - Instrumentation and Detectors, Astrophysics - Instrumentation and Methods for Astrophysics, High Energy Physics - Experiment},
         year = "2017",
        month = "Mar",
          eid = {arXiv:1703.09144},
        pages = {arXiv:1703.09144},
archivePrefix = {arXiv},
       eprint = {1703.09144},
 primaryClass = {physics.ins-det},
       adsurl = {https://ui.adsabs.harvard.edu/abs/2017arXiv170309144M},
      adsnote = {Provided by the SAO/NASA Astrophysics Data System}
}

@article{LZ_projected_sensitivity_paper_ref,
	doi = {10.1103/physrevd.101.052002},
	year = 2020,
	month = {mar},
	publisher = {American Physical Society ({APS})},
	volume = {101},
	number = {5},
	author = {D. S. Akerib and et al.},
	title = {Projected {WIMP} sensitivity of the {LUX}-{ZEPLIN} dark matter experiment},
	journal = {Physical Review D}
}


@phdthesis{LZ_Ibles_LZStats_Thesis_ref,
  author       = {Ibles Olcina Samblas}, 
  title        = {A statistical framework for the characterisation of WIMP dark matter with the LUX-ZEPLIN experiment},
  school       = {Imperial College London},
  year         = 2019,
  url = {https://doi.org/10.25560/76523}
}


@article{LZ_Gamma_Ray_Background_ref,
   title={Measurement of the gamma ray background in the Davis cavern at the Sanford Underground Research Facility},
   volume={116},
   ISSN={0927-6505},
   url={http://dx.doi.org/10.1016/j.astropartphys.2019.102391},
   DOI={10.1016/j.astropartphys.2019.102391},
   journal={Astroparticle Physics},
   publisher={Elsevier BV},
   author={Akerib, D.S. and et al.},
   year={2020},
   month={Mar},
   pages={102391}
}

@article{LZ_assay_ref,
	doi = {10.1140/epjc/s10052-020-8420-x},
	year = 2020,
	month = {nov},
	publisher = {Springer Science and Business Media {LLC}},
	volume = {80},
	number = {11},
	author = {D. S. Akerib and et al.},
	title = {The {LUX}-{ZEPLIN} ({LZ}) radioactivity and cleanliness control programs},
	journal = {The European Physical Journal C}
}


@phdthesis{sallyshaw_thesis_ref,
    author = "Shaw, Sally",
    title = "{Dark Matter Searches with the LUX and LZ Experiments}",
    school = "U. Coll. London",
    year = "2016"
}

@phdthesis{scotthaselschwardt_thesis_ref,
    author = "Haselschwardt, Scott",
    title = "{Radioassay of Gadolinium-Loaded Liquid Scintillator and Other Studies for the LZ Outer Detector}",
    school = "UC Santa Barbara",
    year = "2018"
}

@article{lux_trigger_logic_ref,
	doi = {10.1016/j.nima.2016.02.017},
	year = 2016,
	month = {may},
	publisher = {Elsevier {BV}},
	volume = {818},
  	pages = {57--67},
	author = {D.S. Akerib and et al.},
	title = {{FPGA}-based trigger system for the {LUX} dark matter experiment},
	journal = {Nuclear Instruments and Methods in Physics Research Section A: Accelerators, Spectrometers, Detectors and Associated Equipment}
}


@unpublished{rg_generator_ref,
title = {{Simulations of gamma-ray background from rock for dark matter experiments}},
author = {Andrew Naylor},
year = {2018},
note = {{Joint APP, HEPP and NP Conference}},
url = {https://lz.lbl.gov/wp-content/uploads/sites/6/2019/09/AndrewN_IOPHEP_UK2018_poster.pdf}
}

