@misc{TMVA_ref,
    title={TMVA - Toolkit for Multivariate Data Analysis},
    author={A. Hoecker and P. Speckmayer and J. Stelzer and J. Therhaag and E. von Toerne and H. Voss and M. Backes and T. Carli and O. Cohen and A. Christov and D. Dannheim and K. Danielowski and S. Henrot-Versille and M. Jachowski and K. Kraszewski and A. Krasznahorkay Jr. and M. Kruk and Y. Mahalalel and R. Ospanov and X. Prudent and A. Robert and D. Schouten and F. Tegenfeldt and A. Voigt and K. Voss and M. Wolter and A. Zemla},
    year={2007},
    eprint={physics/0703039},
    archivePrefix={arXiv},
    primaryClass={physics.data-an}
}