%$ Opticks Presentations
@online{Opticks_CHEP_2019_ref,
author = {Simon Blyth},
title = "{Meeting the Challenge of JUNO Simulation with Opticks : GPU Optical Photon Acceleration via NVIDIA OptiX}",
url = {https://zenodo.org/record/3599751\#.Xp2x0jB7muU},
organization = {CAS},
date = {2019-11-05}
}

%% Opticks Papers
@article{Opticks_Paper_2017_ref,
	doi = {10.1088/1742-6596/898/4/042001},
	url = {https://doi.org/10.1088},
	year = 2017,
	month = {oct},
	publisher = {{IOP} Publishing},
	volume = {898},
	pages = {042001},
	author = {Blyth Simon C},
	title = {Opticks : {GPU} Optical Photon Simulation for Particle Physics using {NVIDIA}{\textregistered} {OptiX}{\texttrademark}},
	journal = {Journal of Physics: Conference Series}
}


%% 
@online{CSG_Intersection_ref,
title = "{Ray Tracing CSG Objects Using Single Hit Intersections}",
author = {Andrew Kensler},
url = {http://xrt.wdfiles.com/local--files/doc\%3Acsg/CSG.pdf},
date = {2006-04-10}
}

%% GDML
@online{GDML_USER_GUIDE_ref,
title = "{GDML USER'S GUIDE}",
url = {http://lcgapp.cern.ch/project/simu/framework/GDML/doc/GDMLmanual.pdf},
organization = {Geant4}
}


%% NVidia OptiX
@article{NVIDIA_OptiX_GPU_Ray_Tracing_ACM_paper_ref,
author = {Parker, Steven G. and Friedrich, Heiko and Luebke, David and Morley, Keith and Bigler, James and Hoberock, Jared and McAllister, David and Robison, Austin and Dietrich, Andreas and Humphreys, Greg and McGuire, Morgan and Stich, Martin},
title = {GPU Ray Tracing},
year = {2013},
issue_date = {May 2013},
publisher = {Association for Computing Machinery},
address = {New York, NY, USA},
volume = {56},
number = {5},
issn = {0001-0782},
url = {https://doi.org/10.1145/2447976.2447997},
doi = {10.1145/2447976.2447997},
journal = {Commun. ACM},
month = may,
pages = {93-101},
numpages = {9}
}

@online{NVidiaOptiX_7_ref,
title = "{NVIDIA OptiX 7.0}",
url = {https://raytracing-docs.nvidia.com/optix7/index.html},
organization = {NVIDIA}
}

@online{NVIDIAOptiX_5_ref,
title = "{NVIDIA OptiX 5.1 Programming Guide}",
url = {https://raytracing-docs.nvidia.com/optix/guide/nvidia_optix_programming_guide.180409.A4.pdf},
organization = {NVIDIA},
date = {2018-04-09}
}

@online{SEriksen_Opticks_CHEP_2021_ref,
title = {{GPU simulation with Opticks: The future of optical simulations for LZ}},
author = {Sam Eriksen and Oisin Creaner and Simon Blyth and Lisa Gerhardt and Maria Elena Monzani and Quentin Riffard},
year = {2021},
note = {{25th International Conference on Computing in High-Energy and Nuclear Physics}},
url = {https://indico.cern.ch/event/948465/contributions/4323823/}
}

@unpublished{SEriksen_IoP_2021_talk_ref,
title = {{LUX-ZEPLIN optical photon simulations using GPUs}},
author = {Sam Eriksen},
year = {2021},
note = {{Joint APP, HEPP and NP Conference}},
url = {https://indico.cern.ch/event/1013634/contributions/4313204/}
}

@online{lz_status_with_opticks_ref,
title = {{LZ Status with Opticks/OptiX}},
author = {Sam Eriksen and Luke Kreczko},
year = {2021},
note = {{SWIFT-HEP monthly meeting}},
url = {https://indico.cern.ch/event/1046404/contributions/4425837/attachments/2271477/3857925/SE_LZ_Opticks_25June2021.pdf}
}

@online{accelerated_bvh_ref,
title = {{Work on the BVH Acceleration in AdePT}},
author = {S. Hage{\"o}ck},
year = {2022},
note = {{SFT Simulation R\&D meeting}},
url = {https://indico.cern.ch/event/1136628/contributions/4771571/attachments/2404105/4112177/22.03.08-SAH_BVH.pdf}
}

@misc{DARWIN_GPU_simulations_2022_ref,
  doi = {10.48550/ARXIV.2203.14354},
  url = {https://arxiv.org/abs/2203.14354},
  author = {Althueser, L. and et al.},
  keywords = {Instrumentation and Detectors (physics.ins-det), Instrumentation and Methods for Astrophysics (astro-ph.IM), FOS: Physical sciences, FOS: Physical sciences},
  title = {GPU-based optical simulation of the DARWIN detector},
  publisher = {arXiv},
  year = {2022},
  copyright = {arXiv.org perpetual, non-exclusive license}
}

@misc{chroma_presentation_ref,
  url = {https://on-demand.gputechconf.com/gtc/2013/presentations/S3304-Particle-Physics-With-PyCUDA.pdf},
  author = {Stan Siebert},
  title = {Chroma: A Fast Photon Simulation for Particle Physics with PyCUDA},
  year = {2013}
}

