@misc{xenonnt_sr1_er_ref,
  doi = {10.48550/ARXIV.2207.11330},
  url = {https://arxiv.org/abs/2207.11330},
  author = {Aprile, E. and et al.},
  keywords = {High Energy Physics - Experiment (hep-ex), FOS: Physical sciences, FOS: Physical sciences},
  title = "{Search for New Physics in Electronic Recoil Data from XENONnT}",
  publisher = {arXiv},
  year = {2022},
  copyright = {Creative Commons Attribution 4.0 International}
}


%% LUX and Zeplin
@inbook{zeplin_3_ref,
author = "{T. J. Sumner and for a UKDMC, ITEP, Columbia, UCLA, Torino/CERN collaboration}",
title = "{ZEPLIN-III: A TWO-PHASE XENON DARK MATTER DETECTOR}",
booktitle = {The Identification of Dark Matter},
chapter = {},
pages = {452-456},
doi = {10.1142/9789812811363_0058},
URL = {https://www.worldscientific.com/doi/abs/10.1142/9789812811363_0058},
}

@article{lux_ref,
	doi = {10.1016/j.nima.2012.11.135},
	year = 2013,
	month = {mar},
	publisher = {Elsevier {BV}},
	volume = {704},
	pages = {111--126},
	author = {{LUX Collaboration}},
	title = "{The Large Underground Xenon (LUX) experiment}",
	journal = {Nuclear Instruments and Methods in Physics Research Section A: Accelerators, Spectrometers, Detectors and Associated Equipment}
}

@article{pandax_4t_ref,
	doi = {10.1007/s11433-018-9259-0},
	year = 2018,
	month = {aug},
	publisher = {Springer Science and Business Media {LLC}
},
	volume = {62},
	number = {3},
	author = {HongGuang Zhang and et al.},
	title = "{Dark matter direct search sensitivity of the PandaX-4T experiment}",
	journal = {Science China Physics, Mechanics and Astronomy}
}

@misc{pandax_ref,
  doi = {10.48550/ARXIV.1405.2882},
  url = {https://arxiv.org/abs/1405.2882},
  author = {Cao, X. G. and et al.},
  keywords = {Instrumentation and Detectors (physics.ins-det), High Energy Physics - Experiment (hep-ex), High Energy Physics - Phenomenology (hep-ph), Nuclear Experiment (nucl-ex), FOS: Physical sciences, FOS: Physical sciences},
  title = "{PandaX: A Liquid Xenon Dark Matter Experiment at CJPL}",
  publisher = {arXiv},
  year = {2014},
  copyright = {arXiv.org perpetual, non-exclusive license}
}

@misc{xenon1t_ref,
  doi = {10.48550/ARXIV.1206.6288},
  url = {https://arxiv.org/abs/1206.6288},
  author = "{E. Aprile and XENON1T collaboration}",
  keywords = {Instrumentation and Methods for Astrophysics (astro-ph.IM), High Energy Physics - Experiment (hep-ex), Instrumentation and Detectors (physics.ins-det), FOS: Physical sciences, FOS: Physical sciences},
  title = "{The XENON1T Dark Matter Search Experiment}",
  publisher = {arXiv},
  year = {2012},
  copyright = {arXiv.org perpetual, non-exclusive license}
}

@article{xenonnt_projected_sensitivty_ref,
	doi = {10.1088/1475-7516/2020/11/031},
	year = 2020,
	month = {nov},
	publisher = {{IOP} Publishing},
	volume = {2020},
	number = {11},
	pages = {031--031},
	author = {E. Aprile and at al.},
	title = "{Projected WIMP sensitivity of the XENONnT dark matter experiment}",
	journal = {Journal of Cosmology and Astroparticle Physics}
}


@article{lux_position_reconstruction_ref,
	doi = {10.1088/1748-0221/13/02/p02001},
	year = 2018,
	month = {Feb},
	publisher = {{IOP} Publishing},
	volume = {13},
	number = {02},
	pages = {P02001--P02001},
	author = "{LUX Collaboration}",
	title = "{Position reconstruction in LUX}",
	journal = {Journal of Instrumentation}
}

@article{lux_trigger_logic_ref,
	doi = {10.1016/j.nima.2016.02.017},
	year = 2016,
	month = {may},
	publisher = {Elsevier {BV}},
	volume = {818},
  	pages = {57--67},
	author =  "{LUX Collaboration}",
	title = "{{FPGA}-based trigger system for the {LUX} dark matter experiment}",
	journal = {Nuclear Instruments and Methods in Physics Research Section A: Accelerators, Spectrometers, Detectors and Associated Equipment}
}


@article{pandax_4t_sr1_ref,
	doi = {10.1103/physrevlett.127.261802},
	year = 2021,
	month = {dec},
	publisher = {American Physical Society ({APS})},
	volume = {127},
	number = {26},
	author = {Yue Meng and et al.},
	title = "{Dark Matter Search Results from the PandaX-4T Commissioning Run}",
	journal = {Physical Review Letters}
}