@article{dayabay_pmt_ref,
	doi = {10.1016/j.nima.2015.05.002},
	year = 2015,
	month = {sep},
  	publisher = {Elsevier {BV}},
	volume = {794},
	pages = {25--32},
	author = {Ken Chow and et al.},
	title = "{Waterproofed photomultiplier tube assemblies for the Daya Bay reactor neutrino experiment}",
	journal = {Nuclear Instruments and Methods in Physics Research Section A: Accelerators, Spectrometers, Detectors and Associated Equipment}
}

@misc{hamamatsu_pmt_ref,
	year = 2007,
  	publisher = "{Hamamatsu Photonics K.K.}",
	title = "{Photomultiplier Tubes: Basics and Applications}"
}