




@ARTICLE{SpatialReconstruction,
       author = {{Solovov}, V.~N. and others},
        title = "{Position Reconstruction in a Dual Phase Xenon Scintillation Detector}",
      journal = {IEEE Transactions on Nuclear Science},
     keywords = {Physics - Instrumentation and Detectors, Astrophysics - Instrumentation and Methods for Astrophysics, Physics - Medical Physics},
         year = "2012",
        month = "Dec",
       volume = {59},
       number = {6},
        pages = {3286-3293},
          doi = {10.1109/TNS.2012.2221742},
archivePrefix = {arXiv},
       eprint = {1112.1481},
 primaryClass = {physics.ins-det},
       adsurl = {https://ui.adsabs.harvard.edu/abs/2012ITNS...59.3286S},
      adsnote = {Provided by the SAO/NASA Astrophysics Data System}
}

@ARTICLE{RejectionEfficiency,
       author = {{Lebedenko}, V.~N. and others},
        title = "{Results from the first science run of the ZEPLIN-III dark matter search experiment}",
      journal = {Phys. Rev.},
     keywords = {Dark matter, Supersymmetric partners of known particles, Scintillation detectors, Neutrino, muon, pion, and other elementary particle detectors, cosmic ray detectors, 95.35.+d, 14.80.Ly, 29.40.Mc, 95.55.Vj, Dark matter, Supersymmetric partners of known particles, Scintillation detectors, Neutrino muon pion and other elementary particle detectors, cosmic ray detectors, Astrophysics},
         year = "2009",
        month = "Sep",
       volume = {80},
       number = {5},
          eid = {052010},
        pages = {052010},
          doi = {10.1103/PhysRevD.80.052010},
archivePrefix = {arXiv},
       eprint = {0812.1150},
 primaryClass = {astro-ph},
       adsurl = {https://ui.adsabs.harvard.edu/abs/2009PhRvD..80e2010L},
      adsnote = {Provided by the SAO/NASA Astrophysics Data System}
}




%%%% Wire Deflection
@ARTICLE{NoPhotonsPerElectron,
       author = {{Chepel}, V. and {Ara{\'u}jo}, H.},
        title = "{Liquid noble gas detectors for low energy particle physics}",
      journal = {Journal of Instrumentation},
     keywords = {Physics - Instrumentation and Detectors, Astrophysics - Instrumentation and Methods for Astrophysics, High Energy Physics - Experiment},
         year = "2013",
        month = "Apr",
       volume = {8},
       number = {4},
          eid = {R04001},
        pages = {R04001},
          doi = {10.1088/1748-0221/8/04/R04001},
archivePrefix = {arXiv},
       eprint = {1207.2292},
 primaryClass = {physics.ins-det},
       adsurl = {https://ui.adsabs.harvard.edu/abs/2013JInst...8R4001C},
      adsnote = {Provided by the SAO/NASA Astrophysics Data System}
}

@ARTICLE{ElectronExtractionEfficiency,
       author = {{Edwards}, B.~N.~V. and others},
        title = "{Extraction efficiency of drifting electrons in a two-phase xenon time projection chamber}",
      journal = {Journal of Instrumentation},
     keywords = {Physics - Instrumentation and Detectors, High Energy Physics - Experiment},
         year = "2018",
        month = "Jan",
       volume = {13},
       number = {1},
        pages = {P01005},
          doi = {10.1088/1748-0221/13/01/P01005},
archivePrefix = {arXiv},
       eprint = {1710.11032},
 primaryClass = {physics.ins-det},
       adsurl = {https://ui.adsabs.harvard.edu/abs/2018JInst..13P1005E},
      adsnote = {Provided by the SAO/NASA Astrophysics Data System}
}

%%% Rock Gamma Radon

@article{finnish_mine_radon_ref,
  title = "{Radon in Finnish underground mines 2011-2019}",
  author = {Katja Kojo and Jussi-Pekka Laine and Tuukka Turtiainen and Päivi Kurttio},
  journal = {Journal of Radiological Protection},
  volume = {41},
  pages = {619--627},
  year = {2021},
  month = {Sep},
  publisher = {{IOP} Publishing},
  doi = {10.1088/1361-6498/ac08f0}
}

@article{nepal_mine_radon_ref,
author = {Perrier, Frédéric and Richon, Patrick and Gautam, Umesh and Tiwari, Dilli and Shrestha, Prithvi and Sapkota, Soma},
year = {2007},
month = {02},
pages = {220-35},
title = "{Seasonal variations of natural ventilation and Radon-222 exhalation in a slightly rising dead-end tunnel}",
volume = {97},
journal = {Journal of environmental radioactivity},
doi = {10.1016/j.jenvrad.2007.06.003}
}

@article{minos_annual_modulation_ref,
  title = "{Comparisons of annual modulations in MINOS with the event rate modulation in CoGeNT}",
  author = "{MINOS Collaboration}",
  journal = {Phys. Rev. D},
  volume = {87},
  issue = {3},
  pages = {032005},
  numpages = {8},
  year = {2013},
  month = {Feb},
  publisher = {American Physical Society},
  doi = {10.1103/PhysRevD.87.032005}
}
